@Book{MAKE,
	title = {Managing Projects with make},
	author = {Oram, Andrew and Talbott, Steve},
	publisher = {O'Reilly \& Associates, Inc.},
	institution = {C Programming Utility},
	year = {1993},
}

@Book{AUTOTOOLS,
	title = {GNU Autoconf, Automake, and Libtool},
	author = {Gary V. Vaughan and Ben Elliston and Tom Tromey and Ian Lance Taylor},
	publisher = {New Riders},
	year = {2000},
	note={\url{http://sourceware.org/autobook/} [Online; accès : 07-08-2014]},
}

@Booklet{TYPO,
	title = {Lexique des règles typographiques en usage à l’Imprimerie nationale},
	howpublished = {Imprimerie nationale},
	year = {2011},
	edition = {6\up{e}},
	key = {IN},
}

@manual{BOOST,
	title = {\texttt{Boost} \Cpp{} \emph{libraries}},
	year = {2013},
	note={\url{http://www.boost.org/} [Online; accès : 05-08-2014]},
	key = {BOOST},
}

